@article{kaiser2002ofdm,
  title={OFDM code-division multiplexing in fading channels},
  author={Kaiser, Stefan},
  journal={IEEE Transactions on communications},
  volume={50},
  number={8},
  pages={1266--1273},
  year={2002},
  publisher={IEEE}
}

@inbook{CitekeyInbook,
  author    = "Lisa A. Urry and Michael L. Cain and Steven A. Wasserman and Peter V. Minorsky and Jane B. Reece",
  title     = "Photosynthesis",
  booktitle = "Campbell Biology",
  year      = "2016",
  publisher = "Pearson",
  address   = "New York, NY",
  pages     = "187--221"
}

@online{WinNT,
  author = {MultiMedia LLC},
  title = {{MS Windows NT} Kernel Description},
  year = 1999,
  url = {http://web.archive.org/web/20080207010024/http://www.808multimedia.com/winnt/kernel.htm},
  urldate = {2010-09-30}
}